<record xmlns="http://www.loc.gov/MARC21/slim" xmlns:xsi="http://www.w3.org/2001/XMLSchema-instance" xsi:schemaLocation="http://www.loc.gov/MARC21/slim http://www.loc.gov/standards/marcxml/schema/MARC21slim.xsd">

  <leader>00629nam a2200193   4500</leader>
  <controlfield tag="008">160613b1990    m  ||||| |||| 00| | spa d</controlfield>
  <datafield tag="020" ind2=" " ind1=" ">
    <subfield code="a">9683614035</subfield>
  </datafield>
  <datafield ind2=" " ind1=" " tag="090">
    <subfield code="a">06.03.06  </subfield>
    <subfield code="b">2218</subfield>
  </datafield>
  <datafield tag="100" ind1="1" ind2=" ">
    <subfield code="9">1833</subfield>
    <subfield code="a">Ducoing Watty, Patricia </subfield>
  </datafield>
  <datafield tag="245" ind1="1" ind2="3">
    <subfield code="a">La pedagogía en la universidad de México 1881-1954 / </subfield>
    <subfield code="c">Patricia Ducoing</subfield>
  </datafield>
  <datafield tag="260" ind2=" " ind1=" ">
    <subfield code="a">México : </subfield>
    <subfield code="b">Centro de estudios sobre la universidad, </subfield>
    <subfield code="c">1990</subfield>
  </datafield>
  <datafield ind1=" " ind2=" " tag="300">
    <subfield code="a">volúmenes</subfield>
  </datafield>
  <datafield ind1=" " ind2=" " tag="500">
    <subfield code="a">Contiene 2 tomos</subfield>
  </datafield>
  <datafield tag="610" ind1="1" ind2="4">
    <subfield code="9">1496</subfield>
    <subfield code="a">UNIVERSIDAD NACIONAL AUTONÓMA DE MÉXCIO</subfield>
  </datafield>
  <datafield tag="650" ind1="1" ind2="4">
    <subfield code="9">1</subfield>
    <subfield code="a">EDUCACIÓN</subfield>
  </datafield>
  <datafield ind2="4" ind1="1" tag="650">
    <subfield code="9">22</subfield>
    <subfield code="a">HISTORIA</subfield>
  </datafield>
  <datafield ind2="4" ind1="1" tag="650">
    <subfield code="9">342</subfield>
    <subfield code="a">CURRÍCULO (EDUCACIÓN)</subfield>
  </datafield>
  <datafield ind2=" " ind1=" " tag="942">
    <subfield code="2">z</subfield>
    <subfield code="c">01</subfield>
  </datafield>
  <datafield tag="999" ind1=" " ind2=" ">
    <subfield code="c">3247</subfield>
    <subfield code="d">3247</subfield>
  </datafield>
</record>